% ATRICLES
@article{pga,
	author = "Minrui Xu et al.",
	title = "When Large Language Model Agents Meet 6G Networks: Perception,
	         Grounding, and Alignment",
}

@article{6ainets,
	author = "Navneet Kaur, Naresh Kshetri, Purnendu Shekhar Pandey",
	title = "\textit{6AInets}: Harnessing artificial intelligence for 6G
	         security: Impacts and Challenges",
}

@article{ai4ci,
	author = "Yifei Shen et al.",
	title = "Large Language Models Empowered Autonomous Edge AI for
	         Connected Intelligence",
}

@article{llm6G,
	author = "Zheng Lin et al.",
	title = "Pushing Large Language Models to the 6G Edge: Vision,
	         Challenges, and Opportunities",
}

@article{gaisnet,
	author = "Ning Chen et al.",
	title = "Towards Integrated Fine-tuning and Inference when Generative AI
	         meets Edge Intelligence",
}

@article{attention,
	author = "Ashish Vaswani et al.",
	title = "Attention is all you need",
}

@article{split-learning,
	author = "Zheng Lin et al.",
	title = "Split Learning in 6G Edge Networks",
}




% ONLINE RESOURCES
@www{nokiabell,
	author = "Nokia",
	title = "6G explained",
	url = "https://www.nokia.com/about-us/newsroom/articles/6g-explained/",
}

@www{hug-optimization,
	author = "Hugging-face",
	title = "Optimizing LLMs for Speed and Memory",
	url = "
	       https://huggingface.co/docs/transformers/v4.35.0/llm_tutorial_optimization
	       ",
}
